<record><leader>00000cas a22000007a 4500</leader><controlfield tag="001">19819124</controlfield><controlfield tag="008">890605d19111927moudn ne      0    0eng d</controlfield><datafield ind1=" " ind2=" " tag="010"><subfield code="a">sn 89066358 </subfield></datafield><datafield ind1=" " ind2=" " tag="040"><subfield code="a">MQN</subfield><subfield code="b">eng</subfield><subfield code="c">MQN</subfield><subfield code="d">OCLCQ</subfield></datafield><datafield ind1=" " ind2=" " tag="042"><subfield code="a">msc</subfield></datafield><datafield ind1="0" ind2="4" tag="245"><subfield code="a">The Trenton daily republican-tribune.</subfield></datafield><datafield ind1="3" ind2="0" tag="246"><subfield code="a">Trenton daily republican and tribune</subfield></datafield><datafield ind1=" " ind2=" " tag="260"><subfield code="a">Trenton, Mo. :</subfield><subfield code="b">W.B. Rogers Print. Co.,</subfield><subfield code="c">1911-1927.</subfield></datafield><datafield ind1=" " ind2=" " tag="300"><subfield code="a">v.</subfield></datafield><datafield ind1=" " ind2=" " tag="310"><subfield code="a">Daily (except Sun.)</subfield></datafield><datafield ind1="0" ind2=" " tag="362"><subfield code="a">Vol. 30, no. 65 (Nov. 16, 1911)-39th year, no. 150 (Feb. 26, 1927).</subfield></datafield><datafield ind1=" " ind2=" " tag="500"><subfield code="a">Published as: Trenton daily republican and tribune, Nov. 15, 1915-Feb. 26, 1927.</subfield></datafield><datafield ind1=" " ind2=" " tag="515"><subfield code="a">Changed numbering from vols. to years with 35th year, no. 258 (June 30, 1923).</subfield></datafield><datafield ind1=" " ind2=" " tag="752"><subfield code="a">United States</subfield><subfield code="b">Missouri</subfield><subfield code="c">Grundy</subfield><subfield code="d">Trenton.</subfield></datafield><datafield ind1="0" ind2=" " tag="775"><subfield code="t">Trenton weekly republican-tribune</subfield><subfield code="w">(DLC)sn 89066368</subfield></datafield><datafield ind1="0" ind2="0" tag="780"><subfield code="t">Daily republican-tribune</subfield><subfield code="w">(DLC)sn 89066357</subfield></datafield><datafield ind1="0" ind2="7" tag="785"><subfield code="t">Trenton daily times</subfield><subfield code="w">(DLC)sn 89066362</subfield></datafield><datafield ind1="0" ind2="7" tag="785"><subfield code="t">Trenton republican-times (Trenton, Mo. : Daily : 1927)</subfield><subfield code="w">(DLC)sn 89066359</subfield></datafield></record>